<record><leader>00000cas a22000007a 4500</leader><controlfield tag="001">34145975</controlfield><controlfield tag="008">960207d19031937vauwr ne      0   a0eng d</controlfield><datafield ind1=" " ind2=" " tag="010"><subfield code="a">sn 95067647 </subfield></datafield><datafield ind1=" " ind2=" " tag="040"><subfield code="a">NVK</subfield><subfield code="b">eng</subfield><subfield code="c">NVK</subfield><subfield code="d">OCL</subfield><subfield code="d">OCLCQ</subfield><subfield code="d">DLC</subfield><subfield code="d">IUL</subfield><subfield code="d">NVK</subfield><subfield code="d">OCLCQ</subfield></datafield><datafield ind1=" " ind2=" " tag="012"><subfield code="l">a</subfield></datafield><datafield ind1="1" ind2=" " tag="022"><subfield code="a">2157-7986</subfield><subfield code="2">1</subfield></datafield><datafield ind1=" " ind2=" " tag="042"><subfield code="a">msc</subfield><subfield code="a">nsdp</subfield></datafield><datafield ind1=" " ind2=" " tag="043"><subfield code="a">n-us-va</subfield></datafield><datafield ind1="0" ind2="0" tag="050"><subfield code="a">Newspaper</subfield></datafield><datafield ind1=" " ind2="4" tag="222"><subfield code="a">The Mathews journal</subfield></datafield><datafield ind1="0" ind2="4" tag="245"><subfield code="a">The Mathews journal.</subfield></datafield><datafield ind1="1" ind2="3" tag="246"><subfield code="a">Journal</subfield></datafield><datafield ind1=" " ind2=" " tag="260"><subfield code="a">Mathews C.H. [Court House] :</subfield><subfield code="b">Journal Pub. Co.,</subfield><subfield code="c">-1937.</subfield></datafield><datafield ind1=" " ind2=" " tag="300"><subfield code="a">v. :</subfield><subfield code="b">ill. ;</subfield><subfield code="c">60 cm.</subfield></datafield><datafield ind1=" " ind2=" " tag="310"><subfield code="a">Weekly</subfield></datafield><datafield ind1="1" ind2=" " tag="362"><subfield code="a">Began in Apr. 1903;</subfield><subfield code="z">Cf. Cappon, L.J., Va. Newspapers.</subfield></datafield><datafield ind1="0" ind2=" " tag="362"><subfield code="a">-35th year, no. 20 (Nov. 4, 1937).</subfield></datafield><datafield ind1=" " ind2=" " tag="500"><subfield code="a">Publisher varies: John J. Burke, &lt;Jul. 1905-June 1908&gt;; W.M. Minter, &lt;Jul. 1908-Oct. 11, 1923&gt;; Paul Cline &lt;Oct. 18, 1923-Sept. 25, 1924&gt;; J.J. Burke and Paul Titlow, Oct. 2, 1924-Oct. 29, 1925&gt;; Paul Titlow and Jno. L. Moore, &lt;Nov. 5, 1925-Mar. 6, 1930&gt;; Paul Titlow, &lt;Mar. 13, 1930-&gt;.</subfield></datafield><datafield ind1=" " ind2=" " tag="530"><subfield code="a">Available on microfilm from Bell &amp; Howell (for the Library of Virginia).</subfield></datafield><datafield ind1=" " ind2=" " tag="530"><subfield code="a">Archived issues are available in digital format as part of the Library of Congress Chronicling America online collection.</subfield></datafield><datafield ind1=" " ind2=" " tag="588"><subfield code="a">Description based on: Vol. 2, no. [21] (May 4, 1905).</subfield></datafield><datafield ind1="2" ind2="0" tag="610"><subfield code="a">Mathews Court House (Mathews County, Va.)</subfield><subfield code="v">Newspapers.</subfield></datafield><datafield ind1=" " ind2="0" tag="651"><subfield code="a">Mathews (Va.)</subfield><subfield code="v">Newspapers.</subfield></datafield><datafield ind1=" " ind2=" " tag="752"><subfield code="a">United States</subfield><subfield code="b">Virginia</subfield><subfield code="c">Mathews</subfield><subfield code="d">Mathews.</subfield></datafield><datafield ind1="0" ind2="7" tag="785"><subfield code="t">Gloucester gazette</subfield><subfield code="w">(DLC)sn 96094022</subfield><subfield code="w">(OCoLC)34593161</subfield></datafield><datafield ind1="0" ind2="7" tag="785"><subfield code="t">Gloucester Mathews gazette-journal</subfield><subfield code="w">(DLC)sn 96094044</subfield><subfield code="w">(OCoLC)30024651</subfield></datafield><datafield ind1="4" ind2="1" tag="856"><subfield code="u">http://www.loc.gov/chroniclingamerica/lccn/sn95067647/issues</subfield></datafield><datafield ind1="4" ind2="1" tag="856"><subfield code="u">http://www.virginiachronicle.com/</subfield></datafield></record>